@inproceedings{venkatesh2019fast,
  title={Fast in-memory CRIU for docker containers},
  author={Venkatesh, Ranjan Sarpangala and Smejkal, Till and Milojicic, Dejan S and Gavrilovska, Ada},
  booktitle={Proceedings of the International Symposium on Memory Systems},
  pages={53--65},
  year={2019}
}

@inproceedings{macqueen1967multivariate,
  title={Multivariate observations},
  author={MacQueen, J},
  booktitle={Proceedings of the 5th Berkeley Symposium on Mathematical Statistics and Probability},
  volume={1},
  pages={281--297},
  year={1967}
}

@article{tropp2007signal,
  title={Signal recovery from random measurements via orthogonal matching pursuit},
  author={Tropp, Joel A and Gilbert, Anna C},
  journal={IEEE Transactions on information theory},
  volume={53},
  number={12},
  pages={4655--4666},
  year={2007},
  publisher={IEEE}
}

@inbook{10.1145/3445814.3446714,
author = {Ustiugov, Dmitrii and Petrov, Plamen and Kogias, Marios and Bugnion, Edouard and Grot, Boris},
title = {Benchmarking, Analysis, and Optimization of Serverless Function Snapshots},
year = {2021},
isbn = {9781450383172},
publisher = {Association for Computing Machinery},
address = {New York, NY, USA},
url = {https://doi.org/10.1145/3445814.3446714},
booktitle = {Proceedings of the 26th ACM International Conference on Architectural Support for Programming Languages and Operating Systems},
pages = {559–572},
numpages = {14}
}


@inproceedings{apache2020firecracker,
  title={Firecracker: Lightweight virtualization for serverless applications},
  author={Agache, Alexandru and Brooker, Marc and Iordache, Alexandra and Liguori, Anthony and Neugebauer, Rolf and Piwonka, Phil and Popa, Diana-Maria},
  booktitle={17th {{USENIX}} Symposium on Networked Systems Design and Implementation ({{NSDI}} '20)},
  pages={419--434},
  year={2020}
}

@book{TanenbaumSteen07,
  address = {Upper Saddle River, NJ},
  author = {Tanenbaum, Andrew S. and van Steen, Maarten},
  edition = 2,
  isbn = {978-0-13-239227-3},
  publisher = {Pearson Prentice Hall},
  title = {Distributed Systems: Principles and Paradigms},
  year = 2007
}

@misc{waddington2021architecture,
      title={An Architecture for Memory Centric Active Storage ({MCAS})}, 
      author={Daniel Waddington and Clem Dickey and Moshik Hershcovitch and Sangeetha Seshadri},
      year={2021},
      eprint={2103.00007},
      archivePrefix={arXiv},
      primaryClass={cs.AR}
}

@inproceedings{HerlihyST08,
  author    = {Maurice Herlihy and
               Nir Shavit and
               Moran Tzafrir},
  title     = {Hopscotch Hashing},
  booktitle = {Distributed Computing, 22nd International Symposium, {DISC} 2008,
               Arcachon, France, September 22-24, 2008. Proceedings},
  pages     = {350--364},
  year      = {2008},
  url       = {https://doi.org/10.1007/978-3-540-87779-0\_24},
  doi       = {10.1007/978-3-540-87779-0\_24}
}

@article{Pheatt:2008:ITB:1352079.1352134,
 author = {Pheatt, Chuck},
 title = {Intel Threading Building Blocks},
 journal = {J. Comput. Sci. Coll.},
 issue_date = {April 2008},
 volume = {23},
 number = {4},
 month = apr,
 year = {2008},
 issn = {1937-4771},
 pages = {298--298},
 numpages = {1},
 url = {http://dl.acm.org/citation.cfm?id=1352079.1352134},
 acmid = {1352134},
 publisher = {Consortium for Computing Sciences in Colleges},
 address = {USA},
}

@INPROCEEDINGS{8834719,
  author={K. {Tang} and W. {Tong} and J. {Ma} and B. {Liu}},
  booktitle={2019 IEEE International Conference on Networking, Architecture and Storage (NAS)}, 
  title={DV-NVLLC: Efficiently guaranteeing crash consistency in persistent memory via dynamic versioning}, 
  year={2019},
  pages={1-8},}

@inproceedings{10.1145/2830772.2830802,
author = {Ren, Jinglei and Zhao, Jishen and Khan, Samira and Choi, Jongmoo and Wu, Yongwei and Mutlu, Onur},
title = {ThyNVM: Enabling Software-Transparent Crash Consistency in Persistent Memory Systems},
year = {2015},
isbn = {9781450340342},
publisher = {Association for Computing Machinery},
address = {New York, NY, USA},
url = {https://doi.org/10.1145/2830772.2830802},
doi = {10.1145/2830772.2830802},
booktitle = {Proceedings of the 48th International Symposium on Microarchitecture},
pages = {672–685},
numpages = {14},
location = {Waikiki, Hawaii},
series = {MICRO-48}
}


@article{10.1145/2800695.2801719,
author = {Pillai, Thanumalayan Sankaranarayana and Chidambaram, Vijay and Alagappan, Ramnatthan and Al-Kiswany, Samer and Arpaci-Dusseau, Andrea C. and Arpaci-Dusseau, Remzi H.},
title = {Crash Consistency},
year = {2015},
issue_date = {July 2015},
publisher = {Association for Computing Machinery},
address = {New York, NY, USA},
volume = {13},
number = {7},
issn = {1542-7730},
url = {https://doi.org/10.1145/2800695.2801719},
doi = {10.1145/2800695.2801719},
journal = {Queue},
month = jul,
pages = {20–28},
numpages = {9}
}

@online{pynvm,
  title = {{P}y{NVM}: {A} {P}ython {I}nterface to {PMDK}},
  howpublished = {\url{https://pynvm.readthedocs.io/en/v0.3.1/}},
  year = 2016,
  urldate = {2021-9-17}
}

@online{cpython,
  title = {{CP}ython {G}ithub},
  howpublished = {\url{https://github.com/python/cpython}},
  year = 2021,
  urldate = {2021-9-17}
}

@online{cpython-capi,
  title = {{P}ython/{C} {API} {R}eference {M}anual},
  howpublished = {\url{https://docs.python.org/3/c-api/index.html}},
  year = 2021,
  urldate = {2021-9-17}
}

@online{numpy,
  title = {{N}um{P}y},
  howpublished = {\url{https://numpy.org/}},
  year = 2021,
  urldate = {2021-9-17}
}
@online{pytorch,
  title = {{P}y{T}orch},
  howpublished = {\url{https://pytorch.org/}},
  year = 2021,
  urldate = {2021-9-17}
}
@online{arrow,
  title = {{A}pache {A}rrow: A cross-language development platform for in-memory analytics},
  howpublished = {\url{https://arrow.apache.org/}},
  year = 2021,
  urldate = {2021-9-17}
}


@online{emisoft2019,
  title = {{T}he state of Ransomware in the {US}: {R}eport and Statistics 2019},
  year = "2019",
  month = "Dec",
  howpublished = {\url{https://bit.ly/2ZV4pu4}}
}

@online{SNIA17cdp,
  author = {Storage Networking Industry Association (SNIA)},
  title = {Technical Whitepaper: Data Protection Best Practices},
  year = {2017},
  month = {October},
  howpublished = {\url{http://bit.ly/2GRl1bW}}
}

@misc{PMemKV,
	title = {Intel Corporation - pmemkv},
	howpublished = {\url{https://github.com/pmem/pmemkv}},
}

@article{Hekaton,
	author    = {Craig Freedman and
	Erik Ismert and
	Per{-}{\AA}ke Larson},
	title     = {Compilation in the Microsoft {SQL} Server Hekaton Engine},
	journal   = {{IEEE} Data Eng. Bull.},
	volume    = {37},
	number    = {1},
	pages     = {22--30},
	year      = {2014},
	url       = {http://sites.computer.org/debull/A14mar/p22.pdf}
}


@INPROCEEDINGS{5270298,
  author={Kangarlou, Ardalan and Eugster, Patrick and Xu, Dongyan},
  booktitle={2009 IEEE/IFIP International Conference on Dependable Systems and Networks}, 
  title={VNsnap: Taking snapshots of virtual networked environments with minimal downtime}, 
  year={2009},
  pages={524-533},
  doi={10.1109/DSN.2009.5270298}
}

@inproceedings{MoshikSOCC22,
author = {Waddington, Daniel and Hershcovitch, Moshik and Sundararaman, Swaminathan and Dickey, Clem},
title = {A case for using cache line deltas for high frequency VM snapshotting},
year = {2022},
isbn = {9781450394147},
publisher = {Association for Computing Machinery},
address = {New York, NY, USA},
url = {https://doi.org/10.1145/3542929.3563481},
doi = {10.1145/3542929.3563481},
booktitle = {Proceedings of the 13th Symposium on Cloud Computing},
pages = {526–539},
numpages = {14},
location = {San Francisco, California},
series = {SoCC '22}
}

@mastersthesis{glausch16pml,
  author = {Janis Schoetterl-Glausch},
  title = {Intel Page Modification Logging for Lightweight Continuous Checkpointing},
  type = {Bachelor Thesis},
  year = 2016,
  month = oct,
  school = {Operating Systems Group, Karlsruhe Institute of Technology (KIT), Germany}
}

@inproceedings{li1990catch,
  title={Catch-compiler-assisted techniques for checkpointing},
  author={Li, C-CJ and Fuchs, W Kent},
  booktitle={Digest of Papers. Fault-Tolerant Computing: 20th International Symposium},
  pages={74--75},
  year={1990},
  organization={IEEE Computer Society}
}

@article{kim2024lact,
  title={LACT: Liveness-Aware Checkpointing to reduce checkpoint overheads in intermittent systems},
  author={Kim, Youngbin and Lim, Yoojin and Lim, Chaedeok},
  journal={Journal of Systems Architecture},
  volume={153},
  pages={103213},
  year={2024},
  publisher={Elsevier}
}

@article{rodriguez2010cppc,
  title={CPPC: a compiler-assisted tool for portable checkpointing of message-passing applications},
  author={Rodr{\'\i}guez, Gabriel and Mart{\'\i}n, Mar{\'\i}a J and Gonz{\'a}lez, Patricia and Tourino, Juan and Doallo, Ram{\'o}n},
  journal={Concurrency and Computation: Practice and Experience},
  volume={22},
  number={6},
  pages={749--766},
  year={2010},
  publisher={Wiley Online Library}
}

@article{bronevetsky2004application,
  title={Application-level checkpointing for shared memory programs},
  author={Bronevetsky, Greg and Marques, Daniel and Pingali, Keshav and Szwed, Peter and Schulz, Martin},
  journal={ACM SIGPLAN Notices},
  volume={39},
  number={11},
  pages={235--247},
  year={2004},
  publisher={ACM New York, NY, USA}
}

@inproceedings{vogt2015lightweight,
  title={Lightweight memory checkpointing},
  author={Vogt, Dirk and Giuffrida, Cristiano and Bos, Herbert and Tanenbaum, Andrew S},
  booktitle={2015 45th Annual IEEE/IFIP International Conference on Dependable Systems and Networks},
  pages={474--484},
  year={2015},
  organization={IEEE}
}

@inproceedings{bence2021unambiguity,
  author={Nagy, Bence and Brunner, Tibor and Porkoláb, Zoltán},
  booktitle={2021 IEEE 21st International Working Conference on Source Code Analysis and Manipulation (SCAM)}, 
  title={Unambiguity of Python Language Elements for Static Analysis}, 
  year={2021},
  volume={},
  number={},
  pages={70-75},
  keywords={Visualization;Codes;Navigation;Static analysis;Libraries;Performance analysis;Standards;static analysis;python;unambiguity;dynamic languages},
  doi={10.1109/SCAM52516.2021.00017}
}

@inproceedings{petricek2013coeffects,
  title={Coeffects: Unified static analysis of context-dependence},
  author={Petricek, Tomas and Orchard, Dominic and Mycroft, Alan},
  booktitle={International Colloquium on Automata, Languages, and Programming},
  pages={385--397},
  year={2013},
  organization={Springer}
}

@inproceedings{pythonsemantics,
author = {Melan\c{c}on, Olivier and Feeley, Marc and Serrano, Manuel},
title = {An Executable Semantics for Faster Development of Optimizing Python Compilers},
year = {2023},
isbn = {9798400703966},
publisher = {Association for Computing Machinery},
address = {New York, NY, USA},
url = {https://doi.org/10.1145/3623476.3623529},
doi = {10.1145/3623476.3623529},
booktitle = {Proceedings of the 16th ACM SIGPLAN International Conference on Software Language Engineering},
pages = {15–28},
numpages = {14},
keywords = {python, partial evaluation, optimization, executable semantics, dynamic programming language, compiler},
location = {Cascais, Portugal},
series = {SLE 2023}
}

@book{cardelli1992extensible,
  title={Extensible records in a pure calculus of subtyping},
  author={Cardelli, Luca},
  year={1992},
  publisher={Digital. Systems Research Center}
}

@article{castagna2025polymorphic,
  title={Polymorphic Records for Dynamic Languages},
  author={Castagna, Giuseppe and Peyrot, Lo{\"\i}c},
  journal={Proceedings of the ACM on Programming Languages},
  volume={9},
  number={OOPSLA1},
  pages={1464--1491},
  year={2025},
  publisher={ACM New York, NY, USA}
}

@article{castagna2024elixirdesign,
  title        = {The Design Principles of the Elixir Type System},
  author       = {Castagna, Giuseppe and Duboc, Guillaume and Valim, José},
  journal      = {The Art, Science, and Engineering of Programming},
  volume       = {8},
  number       = {2},
  year         = {2024},
}

@article{bianchini2022coeffects,
  title        = {Coeffects for Sharing and Mutation},
  author       = {Bianchini, Riccardo and Dagnino, Francesco and Giannini, Paola and Zucca, Elena and Servetto, Marco},
  journal      = {Proceedings of the ACM on Programming Languages},
  volume       = {6},
  number       = {OOPSLA2},
  pages        = {156:1--156:29},
  year         = {2022},
  doi          = {10.1145/3563319}
}

@inproceedings{de2012static,
  title={Static analysis and compiler design for idempotent processing},
  author={De Kruijf, Marc A and Sankaralingam, Karthikeyan and Jha, Somesh},
  booktitle={Proceedings of the 33rd ACM SIGPLAN conference on Programming Language Design and Implementation},
  pages={475--486},
  year={2012}
}

@phdthesis{salib2004starkiller,
  title={Starkiller: A static type inferencer and compiler for Python},
  author={Salib, Michael},
  year={2004},
  school={Massachusetts Institute of Technology}
}

@inproceedings{ancona2007rpython,
  title={RPython: a step towards reconciling dynamically and statically typed OO languages},
  author={Ancona, Davide and Ancona, Massimo and Cuni, Antonio and Matsakis, Nicholas D},
  booktitle={Proceedings of the 2007 symposium on Dynamic languages},
  pages={53--64},
  year={2007}
}

@inproceedings{fritz2017cost,
  title={Cost versus precision for approximate typing for Python},
  author={Fritz, Levin and Hage, Jurriaan},
  booktitle={Proceedings of the 2017 ACM SIGPLAN Workshop on Partial Evaluation and Program Manipulation},
  pages={89--98},
  year={2017}
}

@inproceedings{fromherz2018static,
  title={Static value analysis of Python programs by abstract interpretation},
  author={Fromherz, Aymeric and Ouadjaout, Abdelraouf and Min{\'e}, Antoine},
  booktitle={NASA Formal Methods: 10th International Symposium, NFM 2018, Newport News, VA, USA, April 17-19, 2018, Proceedings 10},
  pages={185--202},
  year={2018},
  organization={Springer}
}
@phdthesis{monat2021static,
  title={Static type and value analysis by abstract interpretation of Python programs with native C libraries},
  author={Monat, Rapha{\"e}l},
  year={2021},
  school={Sorbonne Universit{\'e}}
}

@inproceedings{monat2021multilanguage,
  title={A multilanguage static analysis of python programs with native C extensions},
  author={Monat, Rapha{\"e}l and Ouadjaout, Abdelraouf and Min{\'e}, Antoine},
  booktitle={International Static Analysis Symposium},
  pages={323--345},
  year={2021},
  organization={Springer}
}
@article{li2022scalpel,
title={Scalpel: The Python Static Analysis Framework},
author={Li, Li and Wang, Jiawei and Quan, Haowei},
journal={arXiv preprint arXiv:2202.11840},
year={2022}
}

@inproceedings{gorbovitski2010alias,
  title={Alias analysis for optimization of dynamic languages},
  author={Gorbovitski, Michael and Liu, Yanhong A and Stoller, Scott D and Rothamel, Tom and Tekle, Tuncay K},
  booktitle={Proceedings of the 6th Symposium on Dynamic Languages},
  pages={27--42},
  year={2010}
}

@misc{mypy,
  title = {Mypy: Optional Static Typing for Python},
  author = {Jukka Lehtosalo and contributors},
  year = {2012--},
  howpublished = {\url{https://github.com/python/mypy}},
}

@misc{pytype,
  title = {Pytype: A Static Type Analyzer for Python Code},
  author = {Google},
  year = {2016--},
  howpublished = {\url{https://github.com/google/pytype}},
}

@misc{pyre,
  title = {Pyre: A Performant Type Checker for Python},
  author = {Meta (Facebook)},
  year = {2017--},
  howpublished = {\url{https://github.com/facebook/pyre-check}},
}

@phdthesis{liu2020type,
  title={A Type System for Multidimensional Arrays},
  author={Liu, Theodore},
  year={2020},
  school={Harvard University}
}

@inproceedings{jensen2009type,
  author    = {Simon Holm Jensen and Anders M{\o}ller and Peter Thiemann},
  title     = {Type Analysis for {JavaScript}},
  booktitle = {Static Analysis Symposium (SAS)},
  series    = {Lecture Notes in Computer Science},
  volume    = {5673},
  pages     = {238--255},
  publisher = {Springer},
  year      = {2009},
  doi       = {10.1007/978-3-642-03237-0_17}
}

@inproceedings{kashyap2014jsai,
  title={JSAI: A static analysis platform for JavaScript},
  author={Kashyap, Vineeth and Dewey, Kyle and Kuefner, Ethan A and Wagner, John and Gibbons, Kevin and Sarracino, John and Wiedermann, Ben and Hardekopf, Ben},
  booktitle={Proceedings of the 22nd ACM SIGSOFT international symposium on Foundations of Software Engineering},
  pages={121--132},
  year={2014}
}

@inproceedings{furr2009static,
  title={Static type inference for Ruby},
  author={Furr, Michael and An, Jong-hoon and Foster, Jeffrey S and Hicks, Michael},
  booktitle={Proceedings of the 2009 ACM symposium on Applied Computing},
  pages={1859--1866},
  year={2009}
}

@inproceedings{kazerounian2020sound,
  title={Sound, heuristic type annotation inference for ruby},
  author={Kazerounian, Milod and Ren, Brianna M and Foster, Jeffrey S},
  booktitle={Proceedings of the 16th ACM SIGPLAN International Symposium on Dynamic Languages},
  pages={112--125},
  year={2020}
}

@article{kazerounian2021simtyper,
  title={SimTyper: sound type inference for Ruby using type equality prediction},
  author={Kazerounian, Milod and Foster, Jeffrey S and Min, Bonan},
  journal={Proceedings of the ACM on Programming Languages},
  volume={5},
  number={OOPSLA},
  pages={1--27},
  year={2021},
  publisher={ACM New York, NY, USA}
}

@inproceedings{maidl2014typed,
  title={Typed Lua: An optional type system for Lua},
  author={Maidl, Andr{\'e} Murbach and Mascarenhas, Fabio and Ierusalimschy, Roberto},
  booktitle={Proceedings of the Workshop on Dynamic Languages and Applications},
  pages={1--10},
  year={2014}
}

@inproceedings{cousot1977abstract,
  title={Abstract interpretation: a unified lattice model for static analysis of programs by construction or approximation of fixpoints},
  author={Cousot, Patrick and Cousot, Radhia},
  booktitle={Proceedings of the 4th ACM SIGACT-SIGPLAN symposium on Principles of programming languages},
  pages={238--252},
  year={1977}
}

% Foundations: data-flow / abstract interpretation
@inproceedings{Kildall1973, 
  author    = {Gary A. Kildall},
  title     = {A Unified Approach to Global Program Optimization},
  booktitle = {Proceedings of the 1st ACM SIGACT-SIGPLAN Symposium on Principles of Programming Languages (POPL)},
  year      = {1973},
  pages     = {194--206},
  publisher = {ACM},
  doi       = {10.1145/512927.512945}
}

% Points-to / alias analysis (classics and efficient strong updates)
@phdthesis{Andersen1994,
  author = {Lars Ole Andersen},
  title  = {Program Analysis and Specialization for the C Programming Language},
  school = {University of Copenhagen},
  year   = {1994},
  address= {Copenhagen, Denmark},
  note   = {DIKU Report 94/19},
  url    = {https://www.cs.cornell.edu/courses/cs711/2005fa/papers/andersen-thesis94.pdf}
}

@inproceedings{Steensgaard1996,
  author    = {Bjarne Steensgaard},
  title     = {Points-to Analysis in Almost Linear Time},
  booktitle = {Proceedings of the 23rd ACM SIGPLAN-SIGACT Symposium on Principles of Programming Languages (POPL)},
  year      = {1996},
  pages     = {32--41},
  publisher = {ACM},
  doi       = {10.1145/237721.237727}
}

@inproceedings{LhotakChung2011,
  author    = {Ond{\v{r}}ej Lhot{\'a}k and K.-C. Andrew Chung},
  title     = {Points-to Analysis with Efficient Strong Updates},
  booktitle = {Proceedings of the 38th ACM SIGPLAN-SIGACT Symposium on Principles of Programming Languages (POPL)},
  year      = {2011},
  pages     = {3--16},
  publisher = {ACM},
  doi       = {10.1145/1926385.1926389},
  url       = {https://plg.uwaterloo.ca/~olhotak/pubs/popl11.pdf}
}

% (The LIPIcs page is live with DOI; if the proceedings volume number is posted before camera-ready, swap this with the official LIPIcs BibTeX from that page.)
@misc{rakamnouykit2024potohybridandersenspointsto,
      title={PoTo: A Hybrid Andersen's Points-to Analysis for Python}, 
      author={Ingkarat Rak-amnouykit and Ana Milanova and Guillaume Baudart and Martin Hirzel and Julian Dolby},
      year={2024},
      eprint={2409.03918},
      archivePrefix={arXiv},
      primaryClass={cs.PL},
      url={https://arxiv.org/abs/2409.03918}, 
}

% Python/CPython references

@misc{PEP484,
  author = {Guido van Rossum and Jukka Lehtosalo and {\L}ukasz Langa},
  title  = {{PEP} 484 -- Type Hints},
  howpublished = {\url{https://peps.python.org/pep-0484/}},
  year   = {2015},
  note   = {Accessed 2025-08-20}
}

@misc{PEP574,
  author = {Antoine Pitrou},
  title  = {{PEP} 574 -- Pickle protocol 5 with out-of-band data},
  howpublished = {\url{https://peps.python.org/pep-0574/}},
  year   = {2019},
  note   = {Accessed 2025-08-20}
}

@misc{PythonDis,
  title        = {dis --- Disassembler for Python bytecode},
  howpublished = {\url{https://docs.python.org/3/library/dis.html}},
  note         = {CPython documentation, accessed 2025-08-20},
  year         = {2025}
}

@misc{PythonPickleDocs,
  title        = {pickle --- Python object serialization},
  howpublished = {\url{https://docs.python.org/3/library/pickle.html}},
  note         = {CPython documentation, accessed 2025-08-20},
  year         = {2025}
}

% Numerical/ML libraries actually used in evaluation (NumPy, scikit-learn)

@article{Harris2020NumPy,
  author  = {Charles R. Harris and K. Jarrod Millman and St{\'e}fan J. van der Walt and Ralf Gommers and Pauli Virtanen and David Cournapeau and Eric Wieser and Julian Taylor and Sebastian Berg and Nathaniel J. Smith and Robert Kern and Matti Picus and Stephan Hoyer and Marten H. van Kerkwijk and Matthew Brett and Allan Haldane and Jaime Fern{\'a}ndez del R{\'\i}o and Mark Wiebe and Pearu Peterson and Pierre G{\'e}rard-Marchant and Kevin Sheppard and Tyler Reddy and Warren Weckesser and Hameer Abbasi and Christoph Gohlke and Travis E. Oliphant},
  title   = {Array programming with {NumPy}},
  journal = {Nature},
  volume  = {585},
  number  = {7825},
  pages   = {357--362},
  year    = {2020},
  doi     = {10.1038/s41586-020-2649-2}
}

@article{Pedregosa2011Sklearn,
  author  = {Fabian Pedregosa and Ga{\"e}l Varoquaux and Alexandre Gramfort and Vincent Michel and Bertrand Thirion and Olivier Grisel and Mathieu Blondel and Peter Prettenhofer and Ron Weiss and Vincent Dubourg and Jake VanderPlas and Alexandre Passos and David Cournapeau and Matthieu Brucher and Matthieu Perrot and {\'E}douard Duchesnay},
  title   = {Scikit-learn: Machine Learning in {P}ython},
  journal = {Journal of Machine Learning Research},
  volume  = {12},
  pages   = {2825--2830},
  year    = {2011},
  url     = {http://jmlr.org/papers/v12/pedregosa11a.html}
}

% Algorithmic baselines (optional but tidy to cite)
@inproceedings{Pati1993OMP,
  author    = {Y. C. Pati and R. Rezaiifar and P. S. Krishnaprasad},
  title     = {Orthogonal Matching Pursuit: Recursive Function Approximation with Applications to Wavelet Decomposition},
  booktitle = {27th Asilomar Conference on Signals, Systems and Computers},
  year      = {1993},
  pages     = {40--44},
  publisher = {IEEE}
}

@inproceedings{10.1007/978-3-540-30115-8_22,
author = {Klimt, Bryan and Yang, Yiming},
title = {The enron corpus: a new dataset for email classification research},
year = {2004},
isbn = {3540231056},
publisher = {Springer-Verlag},
address = {Berlin, Heidelberg},
url = {https://doi.org/10.1007/978-3-540-30115-8_22},
doi = {10.1007/978-3-540-30115-8_22},
booktitle = {Proceedings of the 15th European Conference on Machine Learning},
pages = {217–226},
numpages = {10},
location = {Pisa, Italy},
series = {ECML'04}
}

% Checkpointing/snapshot baselines

@inproceedings{AnselAryaCooperman2009DMTCP,
  author    = {Jason Ansel and Kapil Arya and Gene Cooperman},
  title     = {{DMTCP}: Transparent Checkpointing for Cluster Computations and the Desktop},
  booktitle = {2009 IEEE International Symposium on Parallel \& Distributed Processing (IPDPS)},
  year      = {2009},
  pages     = {1--12},
  publisher = {IEEE},
  doi       = {10.1109/IPDPS.2009.5160916},
  url       = {https://people.csail.mit.edu/jansel/papers/2009ipdps-dmtcp.pdf}
}

@misc{CRIUProject,
  title        = {{CRIU} --- Checkpoint/Restore in Userspace},
  howpublished = {\url{https://criu.org/}},
  note         = {Project documentation, accessed 2025-08-20},
  year         = {2025}
}

@article{Andrijauskas2024CRIUOSG,
  author  = {Fedor Andrijauskas and others},
  title   = {{CRIU} -- Checkpoint Restore in Userspace for {HTCondor/OSPool}},
  journal = {arXiv},
  year    = {2024},
  eprint  = {2402.05244},
  url     = {https://arxiv.org/abs/2402.05244}
}

% Python object/aliasing semantics you appeal to (mutability; bytecode; pickling protocol 5)

@misc{PythonDataModel,
  title        = {The Python Language Reference --- Data model},
  howpublished = {\url{https://docs.python.org/3/reference/datamodel.html}},
  note         = {Accessed 2025-08-20},
  year         = {2025}
}

@misc{NumPyViewsDocs,
  title        = {NumPy User Guide --- Copies and Views},
  howpublished = {\url{https://numpy.org/doc/stable/user/basics.copies.html}},
  note         = {Accessed 2025-08-20},
  year         = {2025}
}

@misc{VMwareSnapshot,
title = {VMware vSphere Snapshots: Performance and Best Practices - Performance Study},
howpublished = {\url{https://www.vmware.com/docs/vsphere-vm-snapshots-perf}},
note = {Accessed 2025-09-05},
year = {2025}
}

@misc{RedHatVMSnapshot,
title = {RedHat Virtualization - Virtual Machine Snapshots},
howpublished = {\url{https://docs.redhat.com/en/documentation/red_hat_virtualization/4.3/html/technical_reference/chap-virtual_machine_snapshots}},
note = {Accessed 2025-09-05},
year = {2025}
}

@inproceedings{salis2021pycg,
  title={Pycg: Practical call graph generation in python},
  author={Salis, Vitalis and Sotiropoulos, Thodoris and Louridas, Panos and Spinellis, Diomidis and Mitropoulos, Dimitris},
  booktitle={2021 IEEE/ACM 43rd International Conference on Software Engineering (ICSE)},
  pages={1646--1657},
  year={2021},
  organization={IEEE}
}
@inproceedings{hassan2018maxsmt,
  title={MaxSMT-based type inference for Python 3},
  author={Hassan, Mostafa and Urban, Caterina and Eilers, Marco and M{\"u}ller, Peter},
  booktitle={International Conference on Computer Aided Verification},
  pages={12--19},
  year={2018},
  organization={Springer}
}

@inproceedings{mir2022type4py,
  title={Type4py: Practical deep similarity learning-based type inference for python},
  author={Mir, Amir M and Lato{\v{s}}kinas, Evaldas and Proksch, Sebastian and Gousios, Georgios},
  booktitle={Proceedings of the 44th International Conference on Software Engineering},
  pages={2241--2252},
  year={2022}
}

@inproceedings{yoji2021,
  author={Yamato, Yoji},
  booktitle={2021 9th International Conference on Information and Education Technology (ICIET)}, 
  title={Proposal of Automatic GPU Offloading Method from Various Language Applications}, 
  year={2021},
  volume={},
  number={},
  pages={400-404},
  keywords={Education;Graphics processing units;C languages;Evolutionary computation;Tools;Software;Libraries;Environment Adaptive Software;General Purpose GPU;Automatic Offloading;Performance;Various Languages},
  doi={10.1109/ICIET51873.2021.9419618}
}

@inproceedings{ji2022compiler,
  title={Compiler-Directed Incremental Checkpointing for Low Latency GPU Preemption},
  author={Ji, Zhuoran and Wang, Cho-Li},
  booktitle={2022 IEEE International Parallel and Distributed Processing Symposium (IPDPS)},
  pages={751--761},
  year={2022},
  organization={IEEE}
}

@inproceedings{elnawawy2017efficient,
  title={Efficient checkpointing of loop-based codes for non-volatile main memory},
  author={Elnawawy, Hussein and Alshboul, Mohammad and Tuck, James and Solihin, Yan},
  booktitle={2017 26th International Conference on Parallel Architectures and Compilation Techniques (PACT)},
  pages={318--329},
  year={2017},
  organization={IEEE}
}

@inproceedings{kannan2013optimizing,
  title={Optimizing checkpoints using nvm as virtual memory},
  author={Kannan, Sudarsun and Gavrilovska, Ada and Schwan, Karsten and Milojicic, Dejan},
  booktitle={2013 IEEE 27th International Symposium on Parallel and Distributed Processing},
  pages={29--40},
  year={2013},
  organization={IEEE}
}

@inproceedings{siek2007gradual,
  title={Gradual typing for objects},
  author={Siek, Jeremy and Taha, Walid},
  booktitle={European Conference on Object-Oriented Programming},
  pages={2--27},
  year={2007},
  organization={Springer}
}

@inproceedings{vitousek2014design,
  title={Design and evaluation of gradual typing for Python},
  author={Vitousek, Michael M and Kent, Andrew M and Siek, Jeremy G and Baker, Jim},
  booktitle={Proceedings of the 10th ACM Symposium on Dynamic languages},
  pages={45--56},
  year={2014}
}